<collection xmlns="http://www.loc.gov/MARC21/slim">
<record>
  <leader>01214nam0a2200229 i 450 </leader>
  <controlfield tag="001">IT\ICCU\CNCE\022288</controlfield>
  <controlfield tag="005">20130325000000.0</controlfield>
  <datafield tag="012" ind1=" " ind2=" ">
    <subfield code="a">10ij uena beta st** (3) 1596 (R)</subfield>
    <subfield code="2">fei</subfield>
  </datafield>
  <datafield tag="100" ind1=" " ind2=" ">
    <subfield code="a">19970101d1596        0itac0103    ba</subfield>
  </datafield>
  <datafield tag="101" ind1=" " ind2=" ">
    <subfield code="a">ITA</subfield>
  </datafield>
  <datafield tag="102" ind1=" " ind2=" ">
    <subfield code="a">IT</subfield>
  </datafield>
  <datafield tag="200" ind1="1" ind2=" ">
    <subfield code="a">Vita, gesti, costumi, discorsi et lettere di Marco Aurelio imperatore. Con la giunta di molte cose, che nello spagnuolo non erano, &amp; delle cose spagnuole che mancauano nella traduttione italiana</subfield>
  </datafield>
  <datafield tag="210" ind1=" " ind2=" ">
    <subfield code="a">In Venetia</subfield>
    <subfield code="c">appresso Marc&apos;Antonio Bonibelli</subfield>
    <subfield code="d">1596</subfield>
  </datafield>
  <datafield tag="215" ind1=" " ind2=" ">
    <subfield code="a">\8!, 167, \1! p.</subfield>
    <subfield code="d">8ʻ</subfield>
  </datafield>
  <datafield tag="620" ind1=" " ind2=" ">
    <subfield code="a">IT</subfield>
    <subfield code="d">Venezia</subfield>
  </datafield>
  <datafield tag="700" ind1=" " ind2="1">
    <subfield code="a">Guevara,</subfield>
    <subfield code="b">Antonio : de</subfield>
    <subfield code="3">IT\ICCU\CNCA\006353</subfield>
  </datafield>
  <datafield tag="712" ind1="0" ind2="0">
    <subfield code="a">Bonibello, Marcantonio</subfield>
    <subfield code="3">IT\ICCU\CNCT\000597</subfield>
    <subfield code="4">650</subfield>
  </datafield>
  <datafield tag="791" ind1="0" ind2="0">
    <subfield code="a">Bonibellus, Marcus Antonius</subfield>
    <subfield code="3">IT\ICCU\CNCT\004738</subfield>
    <subfield code="z">Bonibello, Marcantonio</subfield>
  </datafield>
  <datafield tag="791" ind1="0" ind2="0">
    <subfield code="a">Bonibelli, Marc&apos;Antonio</subfield>
    <subfield code="3">IT\ICCU\CNCT\004739</subfield>
    <subfield code="z">Bonibello, Marcantonio</subfield>
  </datafield>
  <datafield tag="801" ind1=" " ind2="3">
    <subfield code="a">IT</subfield>
    <subfield code="b">ICCU</subfield>
    <subfield code="c">20201114</subfield>
  </datafield>
  <datafield tag="899" ind1=" " ind2=" ">
    <subfield code="a">Biblioteca del Seminario maggiore. Bressanone</subfield>
    <subfield code="1">BZ0013</subfield>
    <subfield code="2">ZBZ 05</subfield>
  </datafield>
  <datafield tag="921" ind1=" " ind2=" ">
    <subfield code="a">IT\ICCU\CNCM\000347</subfield>
    <subfield code="b">Umilt ̉(donna schiaccia con un piede un leone). In cornice figurata.</subfield>
    <subfield code="e">Sic omnia cedunt humilitati.</subfield>
    <subfield code="c">V494</subfield>
    <subfield code="c">Z1182</subfield>
    <subfield code="d">Dimensioni: 3,2 x 3,8</subfield>
    <subfield code="f">DONNA</subfield>
    <subfield code="f">LEONE</subfield>
    <subfield code="f">SICOMNIACE</subfield>
    <subfield code="f">SUPERBIA</subfield>
    <subfield code="f">UMILTA</subfield>
    <subfield code="g">1583-1600</subfield>
  </datafield>
</record>
</collection>
